<record><leader>00000cas a2200000 a 4500</leader><controlfield tag="001">53338268</controlfield><controlfield tag="008">031103c19909999miuer ne      0   a0araoc</controlfield><datafield ind1=" " ind2=" " tag="010"><subfield code="a">  2005222660</subfield></datafield><datafield ind1=" " ind2=" " tag="040"><subfield code="a">BEU</subfield><subfield code="b">eng</subfield><subfield code="c">BEU</subfield><subfield code="d">OCLCQ</subfield><subfield code="d">CLU</subfield><subfield code="d">OCLCQ</subfield><subfield code="d">OCLCF</subfield><subfield code="d">OCLCO</subfield></datafield><datafield ind1="1" ind2=" " tag="029"><subfield code="a">AU@</subfield><subfield code="b">000026837420</subfield></datafield><datafield ind1="0" ind2=" " tag="041"><subfield code="a">ara</subfield><subfield code="a">eng</subfield></datafield><datafield ind1=" " ind2=" " tag="042"><subfield code="a">pcc</subfield></datafield><datafield ind1=" " ind2=" " tag="043"><subfield code="a">n-us-mi</subfield></datafield><datafield ind1="0" ind2="0" tag="245"><subfield code="a">Kalda&#772;n Di&#772;tru&#772;yt ta&#772;ymz :</subfield><subfield code="b">akhba&#772;r wa-i&#699;la&#772;na&#772;t al-ja&#772;li&#772;yah al-Kalda&#772;ni&#772;yah al-Amri&#772;ki&#772;yah wa-al-&#699;Arabi&#772;yah /</subfield><subfield code="c">Chaldean Detroit times : news and advertising for the Chaldean and Arab American communities.</subfield></datafield><datafield ind1="3" ind2="1" tag="246"><subfield code="a">Chaldean Detroit times</subfield></datafield><datafield ind1=" " ind2=" " tag="260"><subfield code="a">Southfield, Mich. :</subfield><subfield code="b">Amir Denha</subfield></datafield><datafield ind1=" " ind2=" " tag="300"><subfield code="a">v. :</subfield><subfield code="b">ill. ;</subfield><subfield code="c">58 cm.</subfield></datafield><datafield ind1=" " ind2=" " tag="310"><subfield code="a">Biweekly</subfield></datafield><datafield ind1="1" ind2=" " tag="362"><subfield code="a">Began in Mar. 1990.</subfield></datafield><datafield ind1=" " ind2=" " tag="500"><subfield code="a">Published in Farmington Hills, Mich., 2000-</subfield></datafield><datafield ind1=" " ind2=" " tag="546"><subfield code="a">In Arabic and English.</subfield></datafield><datafield ind1=" " ind2=" " tag="588"><subfield code="a">Description based on: Vol. 9, no. 190 (May 2, 1999).</subfield></datafield><datafield ind1=" " ind2=" " tag="588"><subfield code="a">Latest issue consulted: Vol. 13, no. 265 (July 15, 2002).</subfield></datafield><datafield ind1=" " ind2="0" tag="650"><subfield code="a">Chaldean Catholics</subfield><subfield code="z">Michigan</subfield><subfield code="z">Detroit Metropolitan Area</subfield><subfield code="v">Newspapers.</subfield></datafield><datafield ind1=" " ind2="0" tag="650"><subfield code="a">Arab Americans</subfield><subfield code="z">Michigan</subfield><subfield code="z">Detroit Metropolitan Area</subfield><subfield code="v">Newspapers.</subfield></datafield><datafield ind1=" " ind2="0" tag="651"><subfield code="a">Southfield (Mich.)</subfield><subfield code="v">Newspapers.</subfield></datafield><datafield ind1=" " ind2="0" tag="651"><subfield code="a">Farmington Hills (Mich.)</subfield><subfield code="v">Newspapers.</subfield></datafield><datafield ind1=" " ind2="7" tag="655"><subfield code="a">Newspapers.</subfield><subfield code="2">fast</subfield><subfield code="0">(OCoLC)fst01423814</subfield></datafield><datafield ind1=" " ind2="7" tag="650"><subfield code="a">Arab Americans.</subfield><subfield code="2">fast</subfield><subfield code="0">(OCoLC)fst00812200</subfield></datafield><datafield ind1=" " ind2="7" tag="650"><subfield code="a">Chaldean Catholics.</subfield><subfield code="2">fast</subfield><subfield code="0">(OCoLC)fst00851865</subfield></datafield><datafield ind1=" " ind2="7" tag="651"><subfield code="a">Michigan</subfield><subfield code="z">Detroit Metropolitan Area.</subfield><subfield code="2">fast</subfield><subfield code="0">(OCoLC)fst01347378</subfield></datafield><datafield ind1=" " ind2="7" tag="651"><subfield code="a">Michigan</subfield><subfield code="z">Farmington Hills.</subfield><subfield code="2">fast</subfield><subfield code="0">(OCoLC)fst01219744</subfield></datafield><datafield ind1=" " ind2="7" tag="651"><subfield code="a">Michigan</subfield><subfield code="z">Southfield.</subfield><subfield code="2">fast</subfield><subfield code="0">(OCoLC)fst01206010</subfield></datafield><datafield ind1=" " ind2=" " tag="752"><subfield code="a">United States</subfield><subfield code="b">Michigan</subfield><subfield code="c">Oakland</subfield><subfield code="d">Farmington Hills.</subfield></datafield></record>